<record><leader>00000cas a22000007a 4500</leader><controlfield tag="001">26963707</controlfield><controlfield tag="008">921112d190u1909ncudn ne      0    0eng d</controlfield><datafield ind1=" " ind2=" " tag="010"><subfield code="a">sn 92073211 </subfield></datafield><datafield ind1=" " ind2=" " tag="040"><subfield code="a">NVJ</subfield><subfield code="b">eng</subfield><subfield code="c">NVJ</subfield><subfield code="d">OCLCQ</subfield></datafield><datafield ind1=" " ind2=" " tag="042"><subfield code="a">msc</subfield></datafield><datafield ind1="0" ind2=" " tag="130"><subfield code="a">Daily enterprise (High Point, N.C.)</subfield></datafield><datafield ind1="1" ind2="0" tag="245"><subfield code="a">Daily enterprise.</subfield></datafield><datafield ind1=" " ind2=" " tag="260"><subfield code="a">High Point, N.C. :</subfield><subfield code="b">J.J. Farriss</subfield></datafield><datafield ind1=" " ind2=" " tag="300"><subfield code="a">v.</subfield></datafield><datafield ind1=" " ind2=" " tag="310"><subfield code="a">Daily (except Sunday)</subfield></datafield><datafield ind1="0" ind2=" " tag="362"><subfield code="a">-v. 12, no. 19 (Jan. 23, 1909).</subfield></datafield><datafield ind1=" " ind2=" " tag="580"><subfield code="a">Weekly ed.: High Point enterprise (High Point, N.C. : Weekly), &lt;1906-1908&gt;.</subfield></datafield><datafield ind1=" " ind2=" " tag="588"><subfield code="a">Description based on: Vol. 5, no. 108 (Dec. 17, 1906).</subfield></datafield><datafield ind1=" " ind2=" " tag="752"><subfield code="a">United States</subfield><subfield code="b">North Carolina</subfield><subfield code="c">Guilford</subfield><subfield code="d">High Point.</subfield></datafield><datafield ind1="1" ind2=" " tag="775"><subfield code="t">High Point enterprise (High Point, N.C. : Weekly)</subfield><subfield code="w">(DLC)sn 84007756</subfield></datafield><datafield ind1="0" ind2="0" tag="785"><subfield code="t">High Point enterprise (High Point, N.C. : Daily)</subfield><subfield code="w">(DLC)sn 92073212</subfield></datafield></record>